%% This BibTeX bibliography file was created using BibDesk.
%% http://bibdesk.sourceforge.net/

%% Created for Fanbo Meng at 2018-02-06 23:23:27 -0500 


%% Saved with string encoding Unicode (UTF-8) 





@article{TMVAnote,
	Adsnote = {Provided by the SAO/NASA Astrophysics Data System},
	Adsurl = {http://adsabs.harvard.edu/abs/2007physics...3039H},
	Author = {{Hoecker}, A. and {Speckmayer}, P. and {Stelzer}, J. and {Therhaag}, J. and {von Toerne}, E. and {Voss}, H. and {Backes}, M. and {Carli}, T. and {Cohen}, O. and {Christov}, A. and {Dannheim}, D. and {Danielowski}, K. and {Henrot-Versille}, S. and {Jachowski}, M. and {Kraszewski}, K. and {Krasznahorkay}, Jr., A. and {Kruk}, M. and {Mahalalel}, Y. and {Ospanov}, R. and {Prudent}, X. and {Robert}, A. and {Schouten}, D. and {Tegenfeldt}, F. and {Voigt}, A. and {Voss}, K. and {Wolter}, M. and {Zemla}, A.},
	Date-Modified = {2017-11-27 04:34:41 +0000},
	Eprint = {physics/0703039},
	Journal = {ArXiv Physics e-prints},
	Keywords = {Physics - Data Analysis, Statistics and Probability},
	Month = mar,
	Title = {{TMVA - Toolkit for Multivariate Data Analysis}},
	Year = 2007}

@techreport{btag_ago,
	Address = {Geneva},
	Author = {CMS Collaboration},
	Collaboration = {CMS Collaboration},
	Date-Modified = {2017-11-19 18:33:35 +0000},
	Institution = {CERN},
	Number = {CMS-PAS-BTV-15-001},
	Reportnumber = {CMS-PAS-BTV-15-001},
	Title = {{Identification of b quark jets at the CMS Experiment in the LHC Run 2}},
	Url = {https://cds.cern.ch/record/2138504},
	Year = {2016},
	Bdsk-Url-1 = {https://cds.cern.ch/record/2138504}}

@article{TauRecoandIDRunII,
	Author = {CMS Collaboration},
	Collaboration = {CMS},
	Reportnumber = {CMS-PAS-TAU-16-002},
	Slaccitation = {%%CITATION = CMS-PAS-TAU-16-002;%%},
	Title = {{Performance of reconstruction and identification of tau leptons in their decays to hadrons and tau neutrino in LHC Run-2}},
	Year = {2016}}
@article{Chatrchyan:2014nva,
      author         = "Chatrchyan, Serguei and others",
      title          = "{Evidence for the 125 GeV Higgs boson decaying to a pair
                        of $\tau$ leptons}",
      collaboration  = "CMS Collaboration",
      year           = "2014",
      eprint         = "1401.5041",
      archivePrefix  = "arXiv",
      primaryClass   = "hep-ex",
      reportNumber   = "CMS-HIG-13-004, CERN-PH-EP-2014-001",
      SLACcitation   = "%%CITATION = ARXIV:1401.5041;%%",
}


@article{TauIdentiRunI,
	Author = {"CMS Collaboration"},
	Collaboration = {CMS Collaboration},
	Journal = {JINST},
	Month = {Sep},
	Number = {arXiv:1109.6034. CMS-TAU-11-001. CERN-PH-EP-2011-137},
	Pages = {P01001. 33 p},
	Reportnumber = {arXiv:1109.6034},
	Title = {{Performance of $\tau$-lepton reconstruction and identification in CMS}},
	Url = {http://cds.cern.ch/record/1385560},
	Volume = {7},
	Year = {2011},
	Bdsk-Url-1 = {http://cds.cern.ch/record/1385560}}

@article{Herrero-Garcia:2016uab,
	Archiveprefix = {arXiv},
	Author = {Herrero-Garcia, Juan and Rius, Nuria and Santamaria, Arcadi},
	Doi = {10.1007/JHEP11(2016)084},
	Eprint = {1605.06091},
	Journal = {JHEP},
	Pages = {084},
	Primaryclass = {hep-ph},
	Reportnumber = {FTUV-16-0518, IFIC-15-61},
	Slaccitation = {%%CITATION = ARXIV:1605.06091;%%},
	Title = {{Higgs lepton flavour violation: UV completions and connection to neutrino masses}},
	Volume = {11},
	Year = {2016},
	Bdsk-Url-1 = {http://dx.doi.org/10.1007/JHEP11(2016)084}}

@article{TauReconstuction,
	Archiveprefix = {arXiv},
	Author = {CMS Collaboration},
	Doi = {10.1088/1748-0221/11/01/P01019},
	Journal = {JINST 11 (2016) P01019},
	Reportnumber = {CMS-TAU-14-001, CERN-PH-EP-2015-261},
	Slaccitation = {%%CITATION = ARXIV:1605.06091;%%},
	Title = {{Reconstruction and identification of tau lepton decays to hadrons and tau neutrino at CMS}},
	Volume = {11},
	Year = {2016},
	Bdsk-Url-1 = {https://arxiv.org/abs/1510.07488}}

@article{CMS-PRF-14-001,
	Archiveprefix = {arXiv},
	Author = {Sirunyan, A. M. and others},
	Collaboration = {CMS},
	Doi = {10.1088/1748-0221/12/10/P10003},
	Eprint = {1706.04965},
	Journal = {JINST},
	Pages = {P10003},
	Primaryclass = {physics.ins-det},
	Reportnumber = {CMS-PRF-14-001, CERN-EP-2017-110},
	Slaccitation = {%%CITATION = ARXIV:1706.04965;%%},
	Title = {Particle-flow reconstruction and global event description with the CMS detector},
	Volume = {12},
	Year = {2017},
	Bdsk-Url-1 = {https://dx.doi.org/10.1088/1748-0221/12/10/P10003}}


@article{Hayasaka:2010np,
      author         = "Hayasaka, K. and others",
      collaboration  = {Belle},
      title          = "{Search for lepton flavor violating $\tau$ decays into three  leptons with 719 million produced $\tau^+\tau^-$ pairs}",
      journal        = "Phys. Lett. B",
      volume         = "687",
      year           = "2010",
      pages          = "139",
      doi            = "10.1016/j.physletb.2010.03.037",
      eprint         = "1001.3221",
      archivePrefix  = "arXiv",
      primaryClass   = "hep-ex",
      SLACcitation   = "%%CITATION = ARXIV:1001.3221;%%"
}



@article{Olive:2016xmw,
      author         = "{Particle Data Group} and Patrignani, C. and others",
      title          = "{Review of Particle Physics}",
       journal        = "Chin. Phys. C",
      volume         = "40",
      year           = "2016",
      pages          = "100001",
      doi            = "10.1088/1674-1137/40/10/100001",
      SLACcitation   = "%%CITATION = CHPHD,C40,100001;%%"
}


@article{Harnik:2012pb,
year={2013},
journal={JHEP},
eid={26},
pages={26},
volume={03},
doi={10.1007/JHEP03(2013)026},
title={Flavor violating Higgs decays},
publisher={Springer-Verlag},
keywords={Higgs Physics; Rare Decays; Beyond Standard Model},
author={Harnik, Roni and Kopp, Joachim and Zupan, Jure},
eprint = "1209.1397",
archivePrefix  = "arXiv",
primaryClass   = "hep-ph",
}



@article{paper:13TeVsearch,
      author         = "CMS Collaboration",
      title          = "{Search for lepton flavour violating decays of the Higgs boson to μτ and eτ in proton-proton collisions at $\sqrt{s}$= 13 TeV}",
      collaboration  = "CMS Collaboration",
      year           = "2017",
      journal        ={JHEP},
      eprint         = "1712.07173",
      archivePrefix  = "arXiv",
      primaryClass   = "hep-ex",
      reportNumber   = "CMS-HIG-17-001, CERN-EP-2017-292",
      SLACcitation   = "%%CITATION = arXiv:1712.07173;%%",
}


@article{Denner:2011mq,
        Archiveprefix = {arXiv},
        Author = {Denner, A. and Heinemeyer, S. and Puljak, I. and Rebuzzi, D. and Spira, M.},
        Date-Added = {2012-07-07 14:23:08 +0000},
        Date-Modified = {2012-07-07 14:23:08 +0000},
        Doi = {10.1140/epjc/s10052-011-1753-8},
        Eprint = {1107.5909},
        Journal = {Eur. Phys. J. C},
        Pages = {1753},
        Primaryclass = {hep-ph},
        Slaccitation = {%%CITATION = ARXIV:1107.5909;%%},
        Title = {Standard model {H}iggs-boson branching ratios with uncertainties},
        Volume = {71},
        Year = {2011},
        Bdsk-Url-1 = {http://dx.doi.org/10.1140/epjc/s10052-011-1753-8},

}


@article{HIG-14-040,
      COLLABORATION = "CMS",
      TITLE       = "Search for lepton flavour violating  decays of the Higgs boson to  $\mathrm{e}\tau$ and  $\mathrm{e}\mu$ in proton-proton collisions at {$\sqrt{s}=8$ TeV}",
      AUTHOR      = "Khachatryan, Vardan and others",
      JOURNAL     = "Phys. Lett. B",
      VOLUME      = "763",
      PAGES       = "472",
      DOI         = "10.1016/j.physletb.2016.09.062",
      YEAR        = "2016",
eprint         = "1607.03561",
archivePrefix  = "arXiv",
primaryClass   = "hep-ex",
}

@techreport{YR4,
      author = "D. de Florian and others",
      editor         = "de Florian, D. and C. Grojean and F. Maltoni and C. Mariotti and A. Nikitenko and M. Pieri and P. Savard and M. Schumacher and R. Tanaka",
      title          = "Handbook of {LHC} {H}iggs cross sections: 4. Deciphering the
                        nature of the {H}iggs sector",
      doi = "10.23731/CYRM-2017-002",
      year           = "2016",
      eprint         = "1610.07922",
      archivePrefix  = "arXiv",
      primaryClass   = "hep-ph",
      TYPE        = "CERN Report",
      NUMBER      = "CERN-2017-002-M",
      reportNumber   = " CERN-2017-002-M",
      SLACcitation   = "%%CITATION = ARXIV:1610.07922;%%"
}

@article{Khachatryan2011,
      COLLABORATION = "CMS",
      TITLE       = "Measurements of inclusive {W} and {Z} cross sections in pp collisions at $\sqrt{s}$ = 7 {TeV}",
      AUTHOR      = "Khachatryan, Vardan and others",
      JOURNAL     = "J. High Energy Phys.",
      VOLUME      = "01",
      PAGES       = "080",
      DOI         = "10.1007/JHEP01(2011)080",
      YEAR        = "2011",
      eprint         = "1012.2466",
      archivePrefix  = "arXiv",
      primaryClass   = "hep-ex"
}

@article{Chatrchyan:2012xi,
      author         = "Chatrchyan, Serguei and others",
      title          = "{Performance of CMS muon reconstruction in pp collision
                        events at $\sqrt{s} = 7$ TeV}",
      collaboration  = "CMS",
      journal        = "JINST",
      volume         = "7",
      year           = "2012",
      pages          = "P10002",
      doi            = "10.1088/1748-0221/7/10/P10002",
      eprint         = "1206.4071",
      archivePrefix  = "arXiv",
      primaryClass   = "physics.ins-det",
      reportNumber   = "CMS-MUO-10-004, CERN-PH-EP-2012-173",
      SLACcitation   = "%%CITATION = ARXIV:1206.4071;%%"
}
@article{Khachatryan:2015hwa,
      author         = "Khachatryan, Vardan and others",
      title          = "{Performance of electron reconstruction and selection
                        with the CMS detector in proton-proton collisions at
                        $\sqrt{s}$ = 8  TeV}",
      collaboration  = "CMS",
      journal        = "JINST",
      volume         = "10",
      year           = "2015",
      pages          = "P06005",
      doi            = "10.1088/1748-0221/10/06/P06005",
      eprint         = "1502.02701",
      archivePrefix  = "arXiv",
      primaryClass   = "physics.ins-det",
      reportNumber   = "CMS-EGM-13-001, CERN-PH-EP-2015-004",
      SLACcitation   = "%%CITATION = ARXIV:1502.02701;%%"
}
@article{Khachatryan:2015dfa,
      author         = "Khachatryan, Vardan and others",
      title          = "{Reconstruction and identification of tau lepton decays to
                        hadrons and $\nu_\tau$ at CMS}",
      collaboration  = "CMS",
      journal        = "JINST",
      volume         = "11",
      year           = "2016",
      pages          = "P01019",
      doi            = "10.1088/1748-0221/11/01/P01019",
      eprint         = "1510.07488",
      archivePrefix  = "arXiv",
      primaryClass   = "physics.ins-det",
      reportNumber   = "CMS-TAU-14-001, CERN-PH-EP-2015-261",
      SLACcitation   = "%%CITATION = ARXIV:1510.07488;%%"
}
@techreport{CMS:2016gvn,
      author         = "CMS Collaboration",
      title          = "{Performance of reconstruction and identification of tau
                        leptons in their decays to hadrons and tau neutrino in LHC
                        Run-2}",
      collaboration  = "CMS",
      year           = "2016",
            TYPE     = "CMS Physics Analysis Summary",
            url ="https://cds.cern.ch/record/2196972",
      Number   = "CMS-PAS-TAU-16-002",
}

@techreport{CMS-PAS-LUM-17-001,
      title         = "{CMS} Luminosity Measurements for the 2016 Data Taking
                       Period",
      collaboration = "CMS",
      number        = "CMS-PAS-LUM-17-001",
      year          = "2017",
      reportNumber  = "CMS-PAS-LUM-17-001",
      url           = "https://cds.cern.ch/record/2257069",
      type        = "CMS Physics Analysis Summary",
}

@article{CMS:2011aa,
      author         = "Chatrchyan, Serguei and others",
      title          = "{Measurement of the inclusive $\PW$ and $\PZ$ production cross sections in pp collisions at $\sqrt{s}=7$ TeV with the CMS experiment}",
      collaboration  = "CMS",
      journal        = "JHEP",
      volume         = "10",
      pages          = "132",
      doi            = "10.1007/JHEP10(2011)132",
      year           = "2011",
      eprint         = "1107.4789",
      archivePrefix  = "arXiv",
      primaryClass   = "hep-ex",
      reportNumber   = "CERN-PH-EP-2011-107, CMS-EWK-10-005",
      SLACcitation   = "%%CITATION = ARXIV:1107.4789;%%",
}
@article{Chatrchyan:2014mua,
      author         = "Chatrchyan, Serguei and others",
      title          = "Measurement of Inclusive {$W$} and {$Z$} Boson Production Cross
                        Sections in $pp$ Collisions at {$\sqrt{s}$ = 8 TeV}",
      collaboration  = "CMS",
      journal        = "Phys. Rev. Lett.",
      volume         = "112",
      year           = "2014",
      pages          = "191802",
      doi            = "10.1103/PhysRevLett.112.191802",
      eprint         = "1402.0923",
      archivePrefix  = "arXiv",
      primaryClass   = "hep-ex",
      reportNumber   = "CMS-SMP-12-011, CERN-PH-EP-2013-217",
      SLACcitation   = "%%CITATION = ARXIV:1402.0923;%%"
}
@article{Chatrchyan:2012nj,
      COLLABORATION = "CMS",
      TITLE       = "Measurement of the inelastic proton-proton cross section at {$\sqrt{s} = 7 TeV$}",
      AUTHOR      = "Chatrchyan, Serguei and others",
      JOURNAL     = "Phys. Lett. B",
      VOLUME      = "722",
      PAGES       = "5",
      DOI         = "10.1016/j.physletb.2013.03.024",
      YEAR        = "2013"
}

@ARTICLE{CMS-PAPERS-HIG-13-004,
      COLLABORATION = {CMS},
      TITLE       = "Evidence for the 125\GeV Higgs boson decaying to a pair of $\tau$ leptons",
      AUTHOR      = "Chatrchyan, Serguei and others",
      JOURNAL     = "JHEP",
      VOLUME      = "05",
      PAGES       = "104",
      DOI         = "10.1007/JHEP05(2014)104",
      YEAR        = "2014",
      eprint         = "1401.5041",
      archivePrefix  = "arXiv",

}

@article{CMS-JME-10-011,
        Archiveprefix = {arXiv},
        Author = {Chatrchyan, Serguei and others},
        Collaboration = {CMS},
        Doi = {10.1088/1748-0221/6/11/P11002},
        Eprint = {1107.4277},
        Journal = {JINST},
        Pages = {11002},
        Primaryclass = {physics.ins-det},
        Title = {Determination of jet energy calibration and transverse momentum resolution in {CMS}},
        Volume = {6},
        Year = {2011},
        Bdsk-Url-1 = {http://dx.doi.org/10.1088/1748-0221/6/11/P11002}}


@article{Nadolsky:2008zw,
      author         = "Nadolsky, Pavel M. and Lai, Hung-Liang and Cao, Qing-Hong
                        and Huston, Joey and Pumplin, Jon and Stump, Daniel and Tung, Wu-Ki and Yuan, C.-P.",
      title          = "{Implications of CTEQ global analysis for collider
                        observables}",
      journal        = "Phys. Rev. D",
      volume         = "78",
      pages          = "013004",
      doi            = "10.1103/PhysRevD.78.013004",
      year           = "2008",
      eprint         = "0802.0007",
      archivePrefix  = "arXiv",
      primaryClass   = "hep-ph",
      reportNumber   = "MSUHEP-080125, UCRHEP-T447",
      SLACcitation   = "%%CITATION = ARXIV:0802.0007;%%",
}


@article{Martin:2009iq,
      author         = "Martin, A. D. and Stirling, W. J. and Thorne, R. S. and
                        Watt, G.",
      title          = "Parton distributions for the {LHC}",
      journal        = "Eur. Phys. J. C",
      volume         = "63",
      pages          = "189",
      doi            = "10.1140/epjc/s10052-009-1072-5",
      year           = "2009",
      eprint         = "0901.0002",
      archivePrefix  = "arXiv",
      primaryClass   = "hep-ph",
      reportNumber   = "IPPP-08-95, DCPT-08-190, CAVENDISH-HEP-08-16",
      SLACcitation   = "%%CITATION = ARXIV:0901.0002;%%",
}

@article{Ball:2010de,
      author         = "Ball, Richard D. and Del Debbio, Luigi and Forte, Stefano
                        and Guffanti, Alberto and Latorre, Jos{\'e} I. and Rojo, Juan and Ubiali, Maria",
      title          = "A first unbiased global {NLO} determination of parton
                        distributions and their uncertainties",
      collaboration  = "NNPDF",
      journal        = "Nucl. Phys. B",
      volume         = "838",
      pages          = "136",
      doi            = "10.1016/j.nuclphysb.2010.05.008",
      year           = "2010",
      eprint         = "1002.4407",
      archivePrefix  = "arXiv",
      primaryClass   = "hep-ph",
      reportNumber   = "EDINBURGH-2010-05, IFUM-952-FT, FR-PHENO-2010-014,
                        CP3-10-08",
      SLACcitation   = "%%CITATION = ARXIV:1002.4407;%%",
}


@unpublished{Botje:2011sn,
      author         = "Botje, Michiel and Butterworth, Jon and Cooper-Sarkar,
                        Amanda and de Roeck, Albert and Feltesse, Joel and Forte, Stefano
                        and Glazov, Alexander and Huston, Joey and McNulty, Ronan and Sj{\"o}strand, Torb{\"o}rn
                        and Thorne, Robert S.",
      title          = "{The PDF4LHC Working Group Interim Recommendations}",
      year           = "2011",
      eprint         = "1101.0538",
      archivePrefix  = "arXiv",
      primaryClass   = "hep-ph",
      SLACcitation   = "%%CITATION = ARXIV:1101.0538;%%",
}



